@livro{laudon2014,
  author    = {Laudon, Kenneth C. and Laudon, Jane P.},
  title     = {Sistemas de Informação Gerenciais},
  year      = {2014},
  edition   = {11},
  publisher = {Pearson Education do Brasil},
  address   = {São Paulo}
}

@livro{slack2013,
  author    = {Slack, Nigel and Chambers, Stuart and Johnston, Robert},
  title     = {Administração da Produção},
  year      = {2013},
  edition   = {4},
  publisher = {Atlas},
  address   = {São Paulo}
}

@livro{ohno1997,
  author    = {Ohno, Taiichi},
  title     = {O Sistema Toyota de Produção: além da produção em larga escala},
  year      = {1997},
  publisher = {Bookman},
  address   = {Porto Alegre}
}


@livro{ballou2006,
  author    = {Ballou, Ronald H.},
  title     = {Gerenciamento da Cadeia de Suprimentos: Logística Empresarial},
  year      = {2006},
  edition   = {5},
  publisher = {Bookman},
  address   = {Porto Alegre}
}

@incollection{Albright1996,
  author    = {Conference, William Foxwell Albright Centennial},
  title     = {The Study of the Ancient Near East in the Twenty-first Century},
  booktitle = {The William Foxwell Albright Centennial Conference},
  publisher = {Eisenbrauns},
  year      = {1996},
  pages     = {14--15},
  isbn      = {9780931464966}
}


@inbook{DIAS2021,
  author    = {Jéssica Da Silva Dias and outros},
  title     = {Uma breve análise sobre a evolução da logística},
  booktitle = {Logística: contribuições para melhorias na produção e nos resultados},
  volume    = {1},
  number    = {1},
  pages     = {64--81},
  year      = {2021},
  publisher = {Editora Científica},
  url       = {https://www.editoracientifica.com.br/books/chapter/210303726},
  note      = {Acesso em: 10 maio 2025}
}

@article{silva2020,
  author    = {Silva, Natália do Carmo and Mariquito, Natalia Aparecida de Carvalho and Oliveira, Mário Cesar Fialho de and Pinto, Marcia Marazo and Barbosa, Douglas},
  title     = {Gestão de Estoques com Inventário Físico: Um Estudo de Caso de Impactos na Acuracidade de Estoque de uma Rede de Material de Construção},
  journal   = {Revista Mythos},
  volume    = {14},
  number    = {2},
  pages     = {7--20},
  year      = {2020},
  doi       = {10.36674/mythos.v14i2.458}
}

@misc{cast4it2024,
  author       = {{Cast4IT}},
  title        = {Título do Documento ou Relatório},
  year         = {2024},
  howpublished = {\url{https://www.cast4it.com/gestao-de-estoque/}}, 
  note         = {Acesso em: 26 out. 2025}
}

@online{OracleIoT,
  author    = {{Oracle}},
  title     = {O que é Internet das Coisas (IoT)?},
  year      = {2024},
  url       = {https://www.oracle.com/br/internet-of-things/},
  note      = {Acesso em: 4 jun. 2025}
}



@online{IBMAI,
  author    = {{IBM}},
  title     = {Como a inteligência artificial está transformando o gerenciamento de estoque},
  year      = {2023},
  url       = {https://www.ibm.com/br-pt/think/topics/ai-inventory-management},
  note      = {Acesso em: 3 jun. 2025}
}

@online{ABINEE2024,
  author    = {{Associação Brasileira da Indústria Elétrica e Eletrônica (ABINEE)}},
  title     = {Desempenho do Setor Elétrico e Eletrônico – Indicadores 2024},
  year      = {2024},
  url       = {https://www.abinee.org.br/faturamento-do-setor-cresce-11-em-2024/},
  note      = {Acesso em: 10 out. 2025}
}

@online{ABDIMaturidade2024,
  author    = {{Agência Brasileira de Desenvolvimento Industrial (ABDI)}},
  title     = {Mapa de Maturidade Digital 2024: cerca de 50\% dos pequenos negócios usam mídias digitais para vender produtos ou serviços},
  year      = {2024},
  url       = {https://www.abdi.com.br/mapa-de-maturidade-digital-2024-cerca-de-50-dos-pequenos-negocios-usam-midias-digitais-para-vender-produtos-ou-servicos/},
  note      = {Acesso em: 3 jun. 2025}
}




@misc{Azure2025,
  author    = {{Microsoft}},
  title     = {O que é o Azure?},
  year      = {2025},
  url       = {https://azure.microsoft.com/pt-br/resources/cloud-computing-dictionary/what-is-azure},
  note      = {Acessado em: 2 jun. 2025}
}

@misc{SqlServer2025,
  author    = {{Microsoft}},
  title     = {O que é o SQLServer},
  year      = {2025},
  url       = {https://learn.microsoft.com/pt-br/sql/sql-server/what-is-sql-server?view=sql-server-ver17},
  note      = {Acessado em: 2 jun. 2025}
}

@misc{AspNet2025,
  author    = {{Microsoft}},
  title     = {O que é o AspNet},
  year      = {2025},
  url       = {https://dotnet.microsoft.com/pt-br/learn/aspnet/what-is-aspnet},
  note      = {Acessado em: 2 jun. 2025}
}

@misc{Identity,
  author    = {{Microsoft}},
  title     = {Introdução ao Identity no ASP.NET Core},
  year      = {2025},
  url       = {https://learn.microsoft.com/pt-br/aspnet/core/security/authentication/identity?view=aspnetcore-9.0},
  note      = {Acessado em: 9 jun. 2025}
}

@misc{Razor,
  author    = {{Microsoft}},
  title     = {Razor Referência de sintaxe para ASP.NET Core},
  year      = {2024},
  url       = {https://learn.microsoft.com/pt-br/aspnet/core/mvc/views/razor?view=aspnetcore-9.0},
  note      = {Acessado em: 9 jun. 2025}
}

@misc{JJMasterdata,
  author    = {{JJConsulting}},
  title     = {Welcome to the JJ MasterData documentation!},
  year      = {2025},
  url       = {https://md.jjconsulting.tech/},
  note      = {Acessado em: 9 jun. 2025}
}

@misc{EfCore,
  author    = {{Microsoft}},
  title     = {Visão geral do Entity Framework Core – EF Core},
  year      = {2024},
  url       = {https://learn.microsoft.com/pt-br/ef/core/},
  note      = {Acessado em: 9 jun. 2025}
}

@misc{FrontEnd,
  author    = {{Alura}},
  title     = {HTML, CSS e Javascript, quais as diferenças?},
  year      = {2024},
  url       = {https://www.alura.com.br/artigos/html-css-e-js-definicoes?srsltid=AfmBOoqiW-sINTyk-x29HrxcgaO4i9guj4vwCxNVSc98Oucs8RYlK3L5},
  note      = {Acessado em: 9 jun. 2025}
}

@misc{Bootstrap,
  author    = {{Bootstrap}},
  title     = {Comece com Bootstrap},
  year      = {2024},
  url       = {https://getbootstrap.com.br/docs/4.1/getting-started/introduction/},
  note      = {Acessado em: 9 jun. 2025}
}

@misc{jQuery,
  author    = {{jQuery}},
  title     = {jQuery},
  year      = {2025},
  url       = {https://jquery.com/},
  note      = {Acessado em: 9 jun. 2025}
}